<?xml version="1.0" encoding="UTF-8"?><record xmlns="http://www.loc.gov/MARC21/slim" xmlns:cinclude="http://apache.org/cocoon/include/1.0" xmlns:zs="http://www.loc.gov/zing/srw/">
  <leader>00413nz  a2200133n  4500</leader>
  <controlfield tag="001">no2009093320</controlfield>
  <controlfield tag="003">DLC</controlfield>
  <controlfield tag="005">20090619073647.0</controlfield>
  <controlfield tag="008">090617n| acannaabn          |n ana     c</controlfield>
  <datafield tag="010" ind1=" " ind2=" ">
    <subfield code="a">no2009093320</subfield>
  </datafield>
  <datafield tag="035" ind1=" " ind2=" ">
    <subfield code="a">(OCoLC)oca08145083</subfield>
  </datafield>
  <datafield tag="040" ind1=" " ind2=" ">
    <subfield code="a">GU</subfield>
    <subfield code="b">eng</subfield>
    <subfield code="c">GU</subfield>
  </datafield>
  <datafield tag="110" ind1="2" ind2=" ">
    <subfield code="a">Hong Kong Polytechnic.</subfield>
    <subfield code="b">Education Technology Unit</subfield>
  </datafield>
  <datafield tag="670" ind1=" " ind2=" ">
    <subfield code="a">Site surveying III, c1987:</subfield>
    <subfield code="b">t.p., v. 1 (Education Technology Unit, Hong Kong Polytechnic)</subfield>
  </datafield>
</record>